@inproceedings{ainQ,
author = {Frimpong, Eugene and Rabbaninejad, Reyhaneh and Michalas, Antonis},
title = {Arrows in a Quiver: A Secure Certificateless Group Key Distribution Protocol for Drones},
year = {2021},
isbn = {978-3-030-91624-4},
publisher = {Springer-Verlag},
address = {Berlin, Heidelberg},
url = {https://doi.org/10.1007/978-3-030-91625-1_3},
doi = {10.1007/978-3-030-91625-1_3},
booktitle = {Secure IT Systems: 26th Nordic Conference, NordSec 2021, Virtual Event, November 29–30, 2021, Proceedings},
pages = {31–48},
numpages = {18},
keywords = {Certificateless public key cryptography, Group key distribution, Drones}
}